@article{barry2008statistical,
  title={A statistical framework for testing functional categories in microarray data},
  author={Barry, William T and Nobel, Andrew B and Wright, Fred A},
  journal={The Annals of Applied Statistics},
  pages={286--315},
  year={2008},
  publisher={JSTOR}
}

@article{wu2012camera,
  title={Camera: a competitive gene set test accounting for inter-gene correlation},
  author={Wu, Di and Smyth, Gordon K},
  journal={Nucleic acids research},
  volume={40},
  number={17},
  pages={e133--e133},
  year={2012},
  publisher={Oxford Univ Press}
}

@article{efron2007correlation,
  title={Correlation and large-scale simultaneous significance testing},
  author={Efron, Bradley},
  journal={Journal of the American Statistical Association},
  volume={102},
  number={477},
  year={2007}
}

@article{joarder2009moments,
  title={Moments of the product and ratio of two correlated chi-square variables},
  author={Joarder, Anwar H},
  journal={Statistical Papers},
  volume={50},
  number={3},
  pages={581--592},
  year={2009},
  publisher={Springer}
}

@article{subramanian2005gene,
  title={Gene set enrichment analysis: a knowledge-based approach for interpreting genome-wide expression profiles},
  author={Subramanian, Aravind and Tamayo, Pablo and Mootha, Vamsi K and Mukherjee, Sayan and Ebert, Benjamin L and Gillette, Michael A and Paulovich, Amanda and Pomeroy, Scott L and Golub, Todd R and Lander, Eric S and others},
  journal={Proceedings of the National Academy of Sciences of the United States of America},
  volume={102},
  number={43},
  pages={15545--15550},
  year={2005},
  publisher={National Acad Sciences}
}

@article{qiu2005effects,
  title={The effects of normalization on the correlation structure of microarray data},
  author={Qiu, Xing and Brooks, Andrew I and Klebanov, Lev and Yakovlev, Andrei},
  journal={BMC bioinformatics},
  volume={6},
  number={1},
  pages={120},
  year={2005},
  publisher={BioMed Central Ltd}
}

@article{madsen2013simulating,
	title={Simulating dependent discrete data},
	author={Madsen, Lisa and Birkes, Dave},
	journal={Journal of Statistical Computation and Simulation},
	volume={83},
	number={4},
	pages={677--691},
	year={2013},
	publisher={Taylor \& Francis}
}

@article{fisher1915frequency,
	title={Frequency distribution of the values of the correlation coefficient in samples from an indefinitely large population},
	author={Fisher, Ronald A},
	journal={Biometrika},
	pages={507--521},
	year={1915},
	publisher={JSTOR}
}


@article{benjamini2001control,
	title={The control of the false discovery rate in multiple testing under dependency},
	author={Benjamini, Yoav and Yekutieli, Daniel},
	journal={Annals of statistics},
	pages={1165--1188},
	year={2001},
	publisher={JSTOR}
}

@article{benjamini1995controlling,
	title={Controlling the false discovery rate: a practical and powerful approach to multiple testing},
	author={Benjamini, Yoav and Hochberg, Yosef},
	journal={Journal of the Royal Statistical Society. Series B (Methodological)},
	pages={289--300},
	year={1995},
	publisher={JSTOR}
}

@article{goeman2007analyzing,
	title={Analyzing gene expression data in terms of gene sets: methodological issues},
	author={Goeman, Jelle J and B{\"u}hlmann, Peter},
	journal={Bioinformatics},
	volume={23},
	number={8},
	pages={980--987},
	year={2007},
	publisher={Oxford Univ Press}
}

@article{storey2003positive,
	title={The positive false discovery rate: a Bayesian interpretation and the q-value},
	author={Storey, John D},
	journal={Annals of statistics},
	pages={2013--2035},
	year={2003},
	publisher={JSTOR}
}

@article{efron2012large,
	title={Large-scale simultaneous hypothesis testing},
	author={Efron, Bradley},
	journal={Journal of the American Statistical Association},
	year={2004},
	publisher={Taylor \& Francis}
}

@book{efron2012large1,
	title={Large-scale inference: empirical Bayes methods for estimation, testing, and prediction},
	author={Efron, Bradley},
	volume={1},
	year={2012},
	publisher={Cambridge University Press}
}

@article{huang2013gene,
	title={Gene set analysis using variance component tests},
	author={Huang, Yen-Tsung and Lin, Xihong},
	journal={BMC Bioinformatics},
	volume={14},
	number={1},
	pages={210},
	year={2013},
	publisher={BioMed Central Ltd}
}


@article{gatti2010heading,
	title={Heading down the wrong pathway: on the influence of correlation within gene sets},
	author={Gatti, Daniel M and Barry, William T and Nobel, Andrew B and Rusyn, Ivan and Wright, Fred A},
	journal={BMC genomics},
	volume={11},
	number={1},
	pages={574},
	year={2010},
	publisher={BioMed Central Ltd}
}



@article{yaari2013quantitative,
	title={Quantitative set analysis for gene expression: a method to quantify gene set differential expression including gene-gene correlations},
	author={Yaari, Gur and Bolen, Christopher R and Thakar, Juilee and Kleinstein, Steven H},
	journal={Nucleic Acids Research},
	pages={gkt660},
	year={2013},
	publisher={Oxford Univ Press}
}
