@article{barry2008statistical,
  title={A statistical framework for testing functional categories in microarray data},
  author={Barry, William T and Nobel, Andrew B and Wright, Fred A},
  journal={The Annals of Applied Statistics},
  pages={286--315},
  year={2008},
  publisher={JSTOR}
}

@article{wu2012camera,
  title={Camera: a competitive gene set test accounting for inter-gene correlation},
  author={Wu, Di and Smyth, Gordon K},
  journal={Nucleic acids research},
  volume={40},
  number={17},
  pages={e133--e133},
  year={2012},
  publisher={Oxford Univ Press}
}

@article{efron2007correlation,
  title={Correlation and large-scale simultaneous significance testing},
  author={Efron, Bradley},
  journal={Journal of the American Statistical Association},
  volume={102},
  number={477},
  year={2007}
}

@article{joarder2009moments,
  title={Moments of the product and ratio of two correlated chi-square variables},
  author={Joarder, Anwar H},
  journal={Statistical Papers},
  volume={50},
  number={3},
  pages={581--592},
  year={2009},
  publisher={Springer}
}

@article{subramanian2005gene,
  title={Gene set enrichment analysis: a knowledge-based approach for interpreting genome-wide expression profiles},
  author={Subramanian, Aravind and Tamayo, Pablo and Mootha, Vamsi K and Mukherjee, Sayan and Ebert, Benjamin L and Gillette, Michael A and Paulovich, Amanda and Pomeroy, Scott L and Golub, Todd R and Lander, Eric S and others},
  journal={Proceedings of the National Academy of Sciences of the United States of America},
  volume={102},
  number={43},
  pages={15545--15550},
  year={2005},
  publisher={National Acad Sciences}
}

@article{qiu2005effects,
  title={The effects of normalization on the correlation structure of microarray data},
  author={Qiu, Xing and Brooks, Andrew I and Klebanov, Lev and Yakovlev, Andrei},
  journal={BMC bioinformatics},
  volume={6},
  number={1},
  pages={120},
  year={2005},
  publisher={BioMed Central Ltd}
}

@article{madsen2013simulating,
	title={Simulating dependent discrete data},
	author={Madsen, Lisa and Birkes, Dave},
	journal={Journal of Statistical Computation and Simulation},
	volume={83},
	number={4},
	pages={677--691},
	year={2013},
	publisher={Taylor \& Francis}
}

@article{fisher1915frequency,
	title={Frequency distribution of the values of the correlation coefficient in samples from an indefinitely large population},
	author={Fisher, Ronald A},
	journal={Biometrika},
	pages={507--521},
	year={1915},
	publisher={JSTOR}
}